<?xml version="1.0" encoding="UTF-8"?><collection xmlns="http://www.loc.gov/MARC21/slim"><record><leader>00681nam--2200229-u-4500</leader><controlfield tag="001">000050726</controlfield><controlfield tag="002">20161230</controlfield><controlfield tag="005">20161230201048</controlfield><controlfield tag="008">080326s1000------------r-----000-0-eng-d</controlfield><datafield ind1=" " ind2=" " tag="020"><subfield code="a">0412754509</subfield></datafield><datafield ind1=" " ind2=" " tag="040"><subfield code="a">IFIN-HH</subfield></datafield><datafield ind1=" " ind2=" " tag="080"><subfield code="a">535:(666.189.21:666.22)</subfield></datafield><datafield ind1="1" ind2=" " tag="100"><subfield code="a">Akmediev, Nail N</subfield></datafield><datafield ind1="1" ind2="0" tag="245"><subfield code="a">Solitons</subfield><subfield code="b">Nonlinear Pulses and Beams</subfield><subfield code="c">Nail N. Akmediev; Adrian Ankiewicz</subfield></datafield><datafield ind1=" " ind2=" " tag="260"><subfield code="a">Madras</subfield><subfield code="b">Chapman &amp; Hall</subfield><subfield code="c">1997</subfield></datafield><datafield ind1=" " ind2=" " tag="300"><subfield code="a">335 p</subfield></datafield><datafield ind1=" " ind2=" " tag="490"><subfield code="a">Optical Quantum Electronics Series</subfield><subfield code="v">Vol. 5</subfield></datafield><datafield ind1=" " ind2=" " tag="504"><subfield code="a">Includes Bibliographical References and Index</subfield></datafield><datafield ind1=" " ind2="4" tag="650"><subfield code="a">Basic Equations</subfield></datafield><datafield ind1="1" ind2=" " tag="700"><subfield code="a">Ankiewicz, Adrian</subfield></datafield><datafield ind1=" " ind2=" " tag="852"><subfield code="a">82027</subfield><subfield code="c">535</subfield></datafield><datafield ind1=" " ind2=" " tag="CAT"><subfield code="a">Sys</subfield><subfield code="c">20101130</subfield><subfield code="h">113719</subfield></datafield></record></collection>